
@book{dobson,
  title = {Introduction to Generalized Linear Models},
  author = {{Dobson AJ.}},
  edition = {2nd Edition},
  publisher = {Chapman & Hall CRC Press},
  address = {},
  year = {2002}
}

@book{manly,
  title = {Multivariate Statistical Methods: A Primer},
  author = {{Manly, Bryan F. J.; Navarro Alberto, Jorge A.}},
  edition = {Fourth Edition},
  publisher = {CRC Press},
  address = {},
  year = {2017}
}

@article{boulesteix,
    title = {Maximally selected chi-squared statistics for ordinal variables.},
    author = {Boulesteix A L.},
    journal = {Biometrical Journal},
    year = {2006},
    number = {48},
    pages = {451--462}
  }
  
@article{korkmaz,
     title = {MVN: An R Package for Assessing Multivariate Normality.},
    author = {Selcuk Korkmaz and Dincer Goksuluk and Gokmen Zararsiz},
    journal = {The R Journal},
    year = {2014},
    volume = {6},
    number = {2},
    pages = {151--162},
    url = {http://journal.r-project.org/archive/2014-2/korkmaz-goksuluk-zararsiz.pdf}
  }
    
  
@book{lloyd,
  title = {Statistical Analysis of Categorical Data.},
  year={1999},
  author={{Lloyd C J.}},
  publisher = {Wiley}
}  

@article{hewlett,
  title = {'Statistical aspects of the independent joint action of poisons, particularly insecticides. II Examination of data for agreement with hypothesis'},
  journal = {Annals of Applied Biology},
  number = {37},
  year = {1950},
  author = {{Hewlett PS and Plackett T J.}},
  pages = {527--552}
}

@misc{aic_wikipedia_2017, 
title={Akaike information criterion}, 
url={https://en.wikipedia.org/wiki/Akaike_information_criterion}, 
journal={Wikipedia}, 
publisher={Wikimedia Foundation}, 
year={2017}, 
month={Aug}}